<?xml version="1.0" encoding="UTF-8"?><record xmlns="http://www.loc.gov/MARC21/slim" xmlns:cinclude="http://apache.org/cocoon/include/1.0" xmlns:zs="http://www.loc.gov/zing/srw/">
  <leader>00849cz  a2200217n  4500</leader>
  <controlfield tag="001">n  88166042 </controlfield>
  <controlfield tag="003">DLC</controlfield>
  <controlfield tag="005">20081031080608.0</controlfield>
  <controlfield tag="008">890227n| acannaabn          |b ana      </controlfield>
  <datafield tag="010" ind1=" " ind2=" ">
    <subfield code="a">n  88166042 </subfield>
  </datafield>
  <datafield tag="035" ind1=" " ind2=" ">
    <subfield code="a">(OCoLC)oca02467617</subfield>
  </datafield>
  <datafield tag="040" ind1=" " ind2=" ">
    <subfield code="a">DLC</subfield>
    <subfield code="b">eng</subfield>
    <subfield code="c">DLC</subfield>
    <subfield code="d">OCoLC</subfield>
  </datafield>
  <datafield tag="110" ind1="1" ind2=" ">
    <subfield code="a">Japan.</subfield>
    <subfield code="b">Rikugun.</subfield>
    <subfield code="b">Dokuritsu Konsei Rentai, Dai 9</subfield>
  </datafield>
  <datafield tag="410" ind1="1" ind2=" ">
    <subfield code="a">Japan.</subfield>
    <subfield code="b">Rikugun.</subfield>
    <subfield code="b">Dokuritsu Konsei Dai 9 Rentai</subfield>
  </datafield>
  <datafield tag="410" ind1="1" ind2=" ">
    <subfield code="a">Japan.</subfield>
    <subfield code="b">Rikugun.</subfield>
    <subfield code="b">Pagantō Shubitai</subfield>
  </datafield>
  <datafield tag="410" ind1="1" ind2=" ">
    <subfield code="a">Japan.</subfield>
    <subfield code="b">Rikugun.</subfield>
    <subfield code="b">Pagan Shubitai</subfield>
  </datafield>
  <datafield tag="410" ind1="1" ind2=" ">
    <subfield code="a">Japan.</subfield>
    <subfield code="b">陸軍.</subfield>
    <subfield code="b">獨立混成聨隊第 9</subfield>
  </datafield>
  <datafield tag="667" ind1=" " ind2=" ">
    <subfield code="a">Machine-derived non-Latin script reference project.</subfield>
  </datafield>
  <datafield tag="667" ind1=" " ind2=" ">
    <subfield code="a">Non-Latin script reference not evaluated.</subfield>
  </datafield>
  <datafield tag="670" ind1=" " ind2=" ">
    <subfield code="a">Pagantō Shubitai ki, 1987:</subfield>
    <subfield code="b">p. 27, etc. (Pagan Shubitai; Dokuritsu Konsei Dai 9 Rentai; formed in 1944; dissolved in 1945)</subfield>
  </datafield>
  <datafield tag="675" ind1=" " ind2=" ">
    <subfield code="a">Nihon Riku-Kaigun no seido.</subfield>
  </datafield>
</record>